@misc{labex1,
   author = "dr. A.G.M van Hees",
   title = "Laboratory excercises (1) Introduction HPC",
   note = "TU Delft",
   year = 2002
}

@misc{labex2,
   author = "dr. A.G.M van Hees",
   title = "Laboratory excercises (2) Introduction HPC",
   note = "TU Delft",
   year = 2002
}
@misc{slides,
author = "Hai Xiang Lin",
title = "Introduction to High Performace Computing (IN4049)",
note = "Couse Slides",
year = 2020}
@book{kirk2016parallel,
	title = {Programming massively parallel processors: a hands-on approach},
	author = {Kirk, David B and Wen-Mei, W Hwu},
	year = {2016},
	publisher = {Morgan kaufmann}
}

